


@Online{About_Us,
  author = {Kahoot!},
  title  = {Kahoot - About Us},
  url    = {https://kahoot.com/company/},
  urldate = "2021-01-18"
}

@Book{kristoffersen,
  author       = {Trond Kristoffersen},
  date         = {2016},
  title        = {Ã…rsregnskapet},
  edition      = {femte utgave},
  ISBN         = {9788245020359},
  publisher    = {Fagbokforlaget},
}
